<?xml version="1.0" encoding="UTF-8"?><collection xmlns="http://www.loc.gov/MARC21/slim"><record><leader>00633nam--2200181-i-4500</leader><controlfield tag="001">000031639</controlfield><controlfield tag="002">20161230</controlfield><controlfield tag="005">20161230201038</controlfield><controlfield tag="008">060222s1000------------r-----000-0-eng-d</controlfield><datafield ind1=" " ind2=" " tag="040"><subfield code="a">IFIN-HH</subfield></datafield><datafield ind1=" " ind2=" " tag="080"><subfield code="a">539.12.162.8(042)</subfield></datafield><datafield ind1="1" ind2=" " tag="100"><subfield code="a">Hamilton, J</subfield></datafield><datafield ind1="1" ind2="0" tag="245"><subfield code="a">New developments in dispersion theory</subfield><subfield code="b">Vol. 1 dynamical singularities and ampplitude analysis lectures given by j. hamilton, j.l. petersen at the niels bohr institute and nordita, copenhagen</subfield><subfield code="c">J. hamilton, j.l. petersen</subfield></datafield><datafield ind1=" " ind2=" " tag="260"><subfield code="a">Copenhagen</subfield><subfield code="b">Nordita</subfield><subfield code="c">1975</subfield></datafield><datafield ind1=" " ind2=" " tag="300"><subfield code="a">218P</subfield></datafield><datafield ind1="1" ind2=" " tag="700"><subfield code="a">Petersen, J. L</subfield></datafield><datafield ind1=" " ind2=" " tag="852"><subfield code="a">42872</subfield><subfield code="c">539.131</subfield></datafield><datafield ind1=" " ind2=" " tag="CAT"><subfield code="a">Sys</subfield><subfield code="c">20120305</subfield><subfield code="h">170500</subfield></datafield></record></collection>